<record><leader>00000cas a2200000 a 4500</leader><controlfield tag="001">12717787</controlfield><controlfield tag="008">851025d19331946ksuwr ne      0    0eng d</controlfield><datafield ind1=" " ind2=" " tag="010"><subfield code="a">sn 85029771 </subfield></datafield><datafield ind1=" " ind2=" " tag="040"><subfield code="a">KSH</subfield><subfield code="b">eng</subfield><subfield code="c">KSH</subfield><subfield code="d">NPT</subfield><subfield code="d">OCL</subfield><subfield code="d">OCLCQ</subfield></datafield><datafield ind1=" " ind2=" " tag="042"><subfield code="a">msc</subfield></datafield><datafield ind1="0" ind2="0" tag="245"><subfield code="a">Smith County review.</subfield></datafield><datafield ind1=" " ind2=" " tag="260"><subfield code="a">Smith Center, Kan. :</subfield><subfield code="b">Harold P. Beason,</subfield><subfield code="c">1933-1946.</subfield></datafield><datafield ind1=" " ind2=" " tag="300"><subfield code="a">12 v. :</subfield><subfield code="b">ill. ;</subfield><subfield code="c">54 cm.</subfield></datafield><datafield ind1=" " ind2=" " tag="310"><subfield code="a">Weekly</subfield></datafield><datafield ind1="0" ind2=" " tag="362"><subfield code="a">Vol. 10, no. 10 (June 21, 1933)-v. 22, no. 41 (Jan. 10, 1946).</subfield></datafield><datafield ind1=" " ind2=" " tag="752"><subfield code="a">United States</subfield><subfield code="b">Kansas</subfield><subfield code="c">Smith</subfield><subfield code="d">Smith Center.</subfield></datafield><datafield ind1="0" ind2="0" tag="780"><subfield code="t">Athol-Gaylord-Cedar review</subfield><subfield code="w">(DLC)sn 85029824</subfield></datafield><datafield ind1="0" ind2="7" tag="785"><subfield code="t">Smith County pioneer (Smith Center, Kan. : 1902)</subfield><subfield code="w">(DLC)sn 85032297</subfield></datafield><datafield ind1="0" ind2="7" tag="785"><subfield code="t">Smith County pioneer and the Smith County review</subfield><subfield code="w">(DLC)snb85032298</subfield></datafield><datafield ind1="1" ind2=" " tag="029"><subfield code="a">AU@</subfield><subfield code="b">000022172356</subfield></datafield></record>